/home/eric/Dropbox/mydocs/magar.bib